[
    {
        "id": "test_order_1",
        "datetime": "2024-08-01T11:00:16.770562",
        "symbol": "BTC/USDT",
        "type": "market",
        "side": "buy",
        "price": 40000,
        "amount": 0.001,
        "cost": 40
    },
    {
        "id": "test_order_1",
        "datetime": "2024-08-01T11:01:22.111764",
        "symbol": "BTC/USDT",
        "type": "market",
        "side": "buy",
        "price": 40000,
        "amount": 0.001,
        "cost": 40
    },
    {
        "id": "test_order_1722499873",
        "datetime": "2024-08-01T11:11:13.088035",
        "symbol": "ETH/USDT",
        "type": "limit",
        "side": "sell",
        "price": 45134.34840037157,
        "amount": 0.003189452258125516,
        "cost": 310.0979307945276
    },
    {
        "id": "test_order_1722499935",
        "datetime": "2024-08-01T11:12:15.117795",
        "symbol": "BTC/USDT",
        "type": "market",
        "side": "sell",
        "price": 45484.21162359604,
        "amount": 0.0025681024106317995,
        "cost": 194.26296114022367
    },
    {
        "id": "test_order_1722499995",
        "datetime": "2024-08-01T11:13:15.446004",
        "symbol": "BTC/USDT",
        "type": "limit",
        "side": "buy",
        "price": 36856.45560136243,
        "amount": 0.007443548730422511,
        "cost": 364.0229663362358
    },
    {
        "id": "test_order_1722500055",
        "datetime": "2024-08-01T11:14:15.493500",
        "symbol": "BTC/USDT",
        "type": "limit",
        "side": "buy",
        "price": 42582.47864985672,
        "amount": 0.0071053080885518,
        "cost": 115.92838686204878
    },
    {
        "id": "test_order_1722500115",
        "datetime": "2024-08-01T11:15:15.536094",
        "symbol": "ETH/USDT",
        "type": "market",
        "side": "buy",
        "price": 34692.13208402855,
        "amount": 0.008466073505882455,
        "cost": 336.06501286466585
    },
    {
        "id": "test_order_1722500239",
        "datetime": "2024-08-01T11:17:19.934411",
        "symbol": "ETH/USDT",
        "type": "market",
        "side": "buy",
        "price": 43252.80370204684,
        "amount": 0.008121220615215573,
        "cost": 341.30689823404066
    },
    {
        "id": "test_order_1722500300",
        "datetime": "2024-08-01T11:18:20.410077",
        "symbol": "LTC/USDT",
        "type": "limit",
        "side": "sell",
        "price": 40979.142035278885,
        "amount": 0.004591735007613285,
        "cost": 326.29136777326653
    },
    {
        "id": "test_order_1722500360",
        "datetime": "2024-08-01T11:19:20.472916",
        "symbol": "LTC/USDT",
        "type": "market",
        "side": "sell",
        "price": 49260.749843673024,
        "amount": 0.006326605345516444,
        "cost": 264.4530420671616
    },
    {
        "id": "test_order_1722500420",
        "datetime": "2024-08-01T11:20:20.480976",
        "symbol": "LTC/USDT",
        "type": "limit",
        "side": "sell",
        "price": 46004.71505520747,
        "amount": 0.009609926941642009,
        "cost": 461.5495588861323
    },
    {
        "id": "test_order_1722500480",
        "datetime": "2024-08-01T11:21:20.522435",
        "symbol": "LTC/USDT",
        "type": "market",
        "side": "buy",
        "price": 41122.79576382166,
        "amount": 0.004220372775844654,
        "cost": 310.86811166073664
    },
    {
        "id": "test_order_1722500540",
        "datetime": "2024-08-01T11:22:20.584391",
        "symbol": "LTC/USDT",
        "type": "market",
        "side": "buy",
        "price": 31555.52601759598,
        "amount": 0.004733591908796747,
        "cost": 372.64170302817877
    },
    {
        "id": "test_order_1722500600",
        "datetime": "2024-08-01T11:23:20.632902",
        "symbol": "ETH/USDT",
        "type": "market",
        "side": "sell",
        "price": 33472.50914945073,
        "amount": 0.00272654311663507,
        "cost": 65.02083684352002
    },
    {
        "id": "test_order_1722500637",
        "datetime": "2024-08-01T11:23:57.811921",
        "symbol": "LTC/USDT",
        "type": "limit",
        "side": "sell",
        "price": 34689.80075077298,
        "amount": 0.0010972584762886806,
        "cost": 302.9204096754408
    },
    {
        "id": "test_order_1722501464",
        "datetime": "2024-08-01T11:37:44.779241",
        "symbol": "LTC/USDT",
        "type": "limit",
        "side": "buy",
        "price": 34518.132811112795,
        "amount": 0.0030757010893651036,
        "cost": 328.0597799956307
    },
    {
        "id": "test_order_1722501524",
        "datetime": "2024-08-01T11:38:44.858251",
        "symbol": "LTC/USDT",
        "type": "market",
        "side": "buy",
        "price": 35818.26356227265,
        "amount": 0.002100838005601926,
        "cost": 81.94083762906493
    },
    {
        "id": "test_order_1722501584",
        "datetime": "2024-08-01T11:39:44.908291",
        "symbol": "LTC/USDT",
        "type": "market",
        "side": "sell",
        "price": 39340.999024653574,
        "amount": 0.001172564163065209,
        "cost": 333.1399996354886
    },
    {
        "id": "test_order_1722501644",
        "datetime": "2024-08-01T11:40:44.950612",
        "symbol": "LTC/USDT",
        "type": "limit",
        "side": "buy",
        "price": 31338.908895773584,
        "amount": 0.002999439745449667,
        "cost": 232.4290006249228
    },
    {
        "id": "test_order_1722501705",
        "datetime": "2024-08-01T11:41:45.022479",
        "symbol": "ETH/USDT",
        "type": "market",
        "side": "sell",
        "price": 40219.050590251376,
        "amount": 0.007766473066278869,
        "cost": 255.5381342021273
    },
    {
        "id": "test_order_1722501943",
        "datetime": "2024-08-01T11:45:43.915922",
        "symbol": "BTC/USDT",
        "type": "limit",
        "side": "buy",
        "price": 38715.05478696556,
        "amount": 0.0021428926883496234,
        "cost": 361.0016498718246
    },
    {
        "id": "test_order_1722502004",
        "datetime": "2024-08-01T11:46:44.445405",
        "symbol": "ETH/USDT",
        "type": "market",
        "side": "sell",
        "price": 43141.97726301035,
        "amount": 0.003465053954150735,
        "cost": 162.0623908872702
    },
    {
        "id": "test_order_1722502064",
        "datetime": "2024-08-01T11:47:44.521802",
        "symbol": "LTC/USDT",
        "type": "limit",
        "side": "buy",
        "price": 35334.07165837029,
        "amount": 0.004596726327071681,
        "cost": 258.7195402083294
    },
    {
        "id": "test_order_1722502124",
        "datetime": "2024-08-01T11:48:44.594958",
        "symbol": "ETH/USDT",
        "type": "market",
        "side": "buy",
        "price": 31337.125926963785,
        "amount": 0.006670888989999231,
        "cost": 106.59186567913817
    },
    {
        "id": "test_order_1722502184",
        "datetime": "2024-08-01T11:49:44.666992",
        "symbol": "BTC/USDT",
        "type": "limit",
        "side": "buy",
        "price": 37546.40458218743,
        "amount": 0.0029881580964544055,
        "cost": 435.03463849234544
    },
    {
        "id": "test_order_1722502212",
        "datetime": "2024-08-01T11:50:12.971077",
        "symbol": "LTC/USDT",
        "type": "market",
        "side": "sell",
        "price": 35802.32376927347,
        "amount": 0.002242110272644874,
        "cost": 344.4831848675574
    },
    {
        "id": "test_order_1722502273",
        "datetime": "2024-08-01T11:51:13.505569",
        "symbol": "LTC/USDT",
        "type": "limit",
        "side": "buy",
        "price": 32494.806807250672,
        "amount": 0.006898471293044863,
        "cost": 36.48047851962319
    },
    {
        "id": "test_order_1722502333",
        "datetime": "2024-08-01T11:52:13.565201",
        "symbol": "ETH/USDT",
        "type": "market",
        "side": "sell",
        "price": 37466.857785345484,
        "amount": 0.007580831075212694,
        "cost": 307.1697354971969
    },
    {
        "id": "test_order_1722502393",
        "datetime": "2024-08-01T11:53:13.636305",
        "symbol": "BTC/USDT",
        "type": "market",
        "side": "buy",
        "price": 30749.89931670238,
        "amount": 0.003705837572539773,
        "cost": 134.33728453662934
    },
    {
        "id": "test_order_1722502453",
        "datetime": "2024-08-01T11:54:13.711198",
        "symbol": "BTC/USDT",
        "type": "market",
        "side": "sell",
        "price": 40716.829276872435,
        "amount": 0.001059779136231646,
        "cost": 412.8299627835598
    },
    {
        "id": "test_order_1722502513",
        "datetime": "2024-08-01T11:55:13.784292",
        "symbol": "ETH/USDT",
        "type": "market",
        "side": "sell",
        "price": 32625.860660145205,
        "amount": 0.00905842528274586,
        "cost": 97.49847751999884
    },
    {
        "id": "test_order_1722502573",
        "datetime": "2024-08-01T11:56:13.853666",
        "symbol": "BTC/USDT",
        "type": "market",
        "side": "buy",
        "price": 46633.714592635704,
        "amount": 0.007083445610852897,
        "cost": 77.36777201325557
    },
    {
        "id": "test_order_1722502633",
        "datetime": "2024-08-01T11:57:13.929449",
        "symbol": "BTC/USDT",
        "type": "limit",
        "side": "sell",
        "price": 46907.38891119155,
        "amount": 0.005574763084953149,
        "cost": 485.3598607361607
    },
    {
        "id": "test_order_1722502694",
        "datetime": "2024-08-01T11:58:14.031265",
        "symbol": "LTC/USDT",
        "type": "limit",
        "side": "buy",
        "price": 46591.02144252435,
        "amount": 0.008366781435692928,
        "cost": 154.05464896084015
    },
    {
        "id": "test_order_1722502754",
        "datetime": "2024-08-01T11:59:14.115210",
        "symbol": "LTC/USDT",
        "type": "market",
        "side": "sell",
        "price": 34424.011370604334,
        "amount": 0.008065482245715402,
        "cost": 432.89288481205983
    },
    {
        "id": "test_order_1722502814",
        "datetime": "2024-08-01T12:00:14.195892",
        "symbol": "BTC/USDT",
        "type": "market",
        "side": "sell",
        "price": 35155.74784574284,
        "amount": 0.005820891890346038,
        "cost": 276.9696300275376
    },
    {
        "id": "test_order_1722502874",
        "datetime": "2024-08-01T12:01:14.276908",
        "symbol": "BTC/USDT",
        "type": "market",
        "side": "sell",
        "price": 40454.70266899662,
        "amount": 0.008001813035531874,
        "cost": 269.4859069288633
    },
    {
        "id": "test_order_1722502934",
        "datetime": "2024-08-01T12:02:14.349469",
        "symbol": "LTC/USDT",
        "type": "market",
        "side": "sell",
        "price": 31081.881944210454,
        "amount": 0.001441412029799051,
        "cost": 244.11225364997284
    },
    {
        "id": "test_order_1722502994",
        "datetime": "2024-08-01T12:03:14.424272",
        "symbol": "BTC/USDT",
        "type": "market",
        "side": "sell",
        "price": 40224.21902603306,
        "amount": 0.007276960563294149,
        "cost": 219.856723121883
    },
    {
        "id": "test_order_1722503054",
        "datetime": "2024-08-01T12:04:14.490352",
        "symbol": "BTC/USDT",
        "type": "market",
        "side": "sell",
        "price": 45996.66779370418,
        "amount": 0.006935663576390364,
        "cost": 59.620734058204675
    },
    {
        "id": "test_order_1722503117",
        "datetime": "2024-08-01T12:05:17.773121",
        "symbol": "LTC/USDT",
        "type": "market",
        "side": "buy",
        "price": 46298.25234843079,
        "amount": 0.0033163730601650336,
        "cost": 247.2457458477311
    },
    {
        "id": "test_order_1722503178",
        "datetime": "2024-08-01T12:06:18.266591",
        "symbol": "BTC/USDT",
        "type": "limit",
        "side": "buy",
        "price": 44488.30084769537,
        "amount": 0.0031851156728088313,
        "cost": 302.4649604098418
    },
    {
        "id": "test_order_1722503216",
        "datetime": "2024-08-01T12:06:56.755773",
        "symbol": "LTC/USDT",
        "type": "market",
        "side": "buy",
        "price": 37833.68201694816,
        "amount": 0.009719887001114938,
        "cost": 47.900014040759444
    },
    {
        "id": "test_order_1722503277",
        "datetime": "2024-08-01T12:07:57.254658",
        "symbol": "LTC/USDT",
        "type": "limit",
        "side": "sell",
        "price": 42656.75300079013,
        "amount": 0.0039035222948634253,
        "cost": 315.71103351239594
    },
    {
        "id": "test_order_1722503337",
        "datetime": "2024-08-01T12:08:57.340522",
        "symbol": "BTC/USDT",
        "type": "limit",
        "side": "sell",
        "price": 48211.00361160817,
        "amount": 0.008310140694546029,
        "cost": 44.39067343776143
    },
    {
        "id": "test_order_1722504365",
        "datetime": "2024-08-01T12:26:05.820966",
        "symbol": "ETH/USDT",
        "type": "market",
        "side": "buy",
        "price": 49701.916176521816,
        "amount": 0.009391103559450376,
        "cost": 259.99648966472364
    },
    {
        "id": "test_order_1722509457",
        "datetime": "2024-08-01T13:50:57.242068",
        "symbol": "BTC/USDT",
        "type": "limit",
        "side": "buy",
        "price": 34005.74957509139,
        "amount": 0.005342619633496778,
        "cost": 486.8989793103217
    },
    {
        "id": "test_order_1722509517",
        "datetime": "2024-08-01T13:51:57.334609",
        "symbol": "LTC/USDT",
        "type": "limit",
        "side": "sell",
        "price": 39047.08013087265,
        "amount": 0.006444271180872553,
        "cost": 125.34980469072035
    },
    {
        "id": "test_order_1722509577",
        "datetime": "2024-08-01T13:52:57.409089",
        "symbol": "ETH/USDT",
        "type": "limit",
        "side": "buy",
        "price": 31509.213178015485,
        "amount": 0.0027225215664602315,
        "cost": 245.583558370211
    },
    {
        "id": "test_order_1722509616",
        "datetime": "2024-08-01T13:53:36.344027",
        "symbol": "BTC/USDT",
        "type": "market",
        "side": "buy",
        "price": 49820.35926811007,
        "amount": 0.007300219521837761,
        "cost": 292.87174150961584
    },
    {
        "id": "test_order_1722509676",
        "datetime": "2024-08-01T13:54:36.965246",
        "symbol": "ETH/USDT",
        "type": "limit",
        "side": "sell",
        "price": 45158.30952834948,
        "amount": 0.006773857783032917,
        "cost": 479.8656482496993
    },
    {
        "id": "test_order_1722509737",
        "datetime": "2024-08-01T13:55:37.060622",
        "symbol": "BTC/USDT",
        "type": "limit",
        "side": "buy",
        "price": 48380.23976804623,
        "amount": 0.0013200845487271616,
        "cost": 457.6516657286649
    },
    {
        "id": "test_order_1722509797",
        "datetime": "2024-08-01T13:56:37.114131",
        "symbol": "ETH/USDT",
        "type": "market",
        "side": "buy",
        "price": 34470.43101825209,
        "amount": 0.0056006826653913246,
        "cost": 365.2472724333228
    },
    {
        "id": "test_order_1722509857",
        "datetime": "2024-08-01T13:57:37.194490",
        "symbol": "BTC/USDT",
        "type": "limit",
        "side": "sell",
        "price": 41971.227707798695,
        "amount": 0.004570767344135947,
        "cost": 400.3834363599826
    },
    {
        "id": "test_order_1722509917",
        "datetime": "2024-08-01T13:58:37.268415",
        "symbol": "ETH/USDT",
        "type": "market",
        "side": "sell",
        "price": 43310.15936592988,
        "amount": 0.004268587854370752,
        "cost": 319.5507671405538
    },
    {
        "id": "test_order_1722509977",
        "datetime": "2024-08-01T13:59:37.341997",
        "symbol": "LTC/USDT",
        "type": "market",
        "side": "buy",
        "price": 48271.452334558926,
        "amount": 0.006403680986736884,
        "cost": 165.25680503247807
    },
    {
        "id": "test_order_1722510037",
        "datetime": "2024-08-01T14:00:37.419090",
        "symbol": "BTC/USDT",
        "type": "limit",
        "side": "buy",
        "price": 49875.270633320666,
        "amount": 0.009351485617544342,
        "cost": 145.20733222191933
    },
    {
        "id": "test_order_1722510097",
        "datetime": "2024-08-01T14:01:37.488896",
        "symbol": "LTC/USDT",
        "type": "limit",
        "side": "sell",
        "price": 31028.262803549565,
        "amount": 0.009681444587012068,
        "cost": 53.32740153428844
    },
    {
        "id": "test_order_1722510157",
        "datetime": "2024-08-01T14:02:37.575841",
        "symbol": "ETH/USDT",
        "type": "market",
        "side": "buy",
        "price": 46929.0740768571,
        "amount": 0.0036562883018285575,
        "cost": 254.5342104468404
    },
    {
        "id": "test_order_1722510217",
        "datetime": "2024-08-01T14:03:37.658911",
        "symbol": "LTC/USDT",
        "type": "limit",
        "side": "sell",
        "price": 40201.38651859826,
        "amount": 0.007125332743191472,
        "cost": 414.890953477575
    },
    {
        "id": "test_order_1722510227",
        "datetime": "2024-08-01T14:03:47.806104",
        "symbol": "BTC/USDT",
        "type": "limit",
        "side": "buy",
        "price": 40036.007066706574,
        "amount": 0.005680985954707644,
        "cost": 305.1576723749759
    },
    {
        "id": "test_order_1722510288",
        "datetime": "2024-08-01T14:04:48.383141",
        "symbol": "LTC/USDT",
        "type": "market",
        "side": "sell",
        "price": 39740.36514827302,
        "amount": 0.0020604067256736977,
        "cost": 41.472768168935225
    },
    {
        "id": "test_order_1722510348",
        "datetime": "2024-08-01T14:05:48.463206",
        "symbol": "LTC/USDT",
        "type": "limit",
        "side": "buy",
        "price": 33367.36748075285,
        "amount": 0.004643640736090638,
        "cost": 418.321290629709
    },
    {
        "id": "test_order_1722510408",
        "datetime": "2024-08-01T14:06:48.538181",
        "symbol": "ETH/USDT",
        "type": "market",
        "side": "buy",
        "price": 47946.99550092516,
        "amount": 0.005907456913685664,
        "cost": 145.42399846025387
    },
    {
        "id": "test_order_1722510468",
        "datetime": "2024-08-01T14:07:48.624831",
        "symbol": "ETH/USDT",
        "type": "limit",
        "side": "sell",
        "price": 33509.57625298207,
        "amount": 0.007951670192026729,
        "cost": 55.77182877933465
    },
    {
        "id": "test_order_1722510528",
        "datetime": "2024-08-01T14:08:48.627719",
        "symbol": "BTC/USDT",
        "type": "market",
        "side": "sell",
        "price": 39189.652210224056,
        "amount": 0.009940993985439479,
        "cost": 462.0716702477302
    },
    {
        "id": "test_order_1722510588",
        "datetime": "2024-08-01T14:09:48.692499",
        "symbol": "LTC/USDT",
        "type": "limit",
        "side": "sell",
        "price": 45165.964520302245,
        "amount": 0.005556012856783799,
        "cost": 64.05258568577025
    },
    {
        "id": "test_order_1722510648",
        "datetime": "2024-08-01T14:10:48.767348",
        "symbol": "ETH/USDT",
        "type": "limit",
        "side": "sell",
        "price": 42475.894785036624,
        "amount": 0.0052956256458554065,
        "cost": 117.23740713313333
    },
    {
        "id": "test_order_1722510708",
        "datetime": "2024-08-01T14:11:48.847869",
        "symbol": "BTC/USDT",
        "type": "limit",
        "side": "sell",
        "price": 43000.71612147036,
        "amount": 0.009649312957268275,
        "cost": 491.075065648445
    },
    {
        "id": "test_order_1722510768",
        "datetime": "2024-08-01T14:12:48.908302",
        "symbol": "ETH/USDT",
        "type": "limit",
        "side": "sell",
        "price": 32609.904629111214,
        "amount": 0.0019969089910499256,
        "cost": 420.43448135221087
    },
    {
        "id": "test_order_1722510828",
        "datetime": "2024-08-01T14:13:48.991405",
        "symbol": "ETH/USDT",
        "type": "market",
        "side": "sell",
        "price": 39053.38189352206,
        "amount": 0.004083923215057837,
        "cost": 125.2597800901808
    },
    {
        "id": "test_order_1722510889",
        "datetime": "2024-08-01T14:14:49.057778",
        "symbol": "BTC/USDT",
        "type": "market",
        "side": "sell",
        "price": 42555.356966317944,
        "amount": 0.008187821277307578,
        "cost": 57.70207728197157
    },
    {
        "id": "test_order_1722510949",
        "datetime": "2024-08-01T14:15:49.140986",
        "symbol": "BTC/USDT",
        "type": "market",
        "side": "buy",
        "price": 38639.80057800057,
        "amount": 0.004191270162718754,
        "cost": 147.35360950768842
    },
    {
        "id": "test_order_1722511009",
        "datetime": "2024-08-01T14:16:49.223670",
        "symbol": "BTC/USDT",
        "type": "limit",
        "side": "sell",
        "price": 43929.39952031782,
        "amount": 0.009311312333676363,
        "cost": 153.1247375010187
    },
    {
        "id": "test_order_1722511069",
        "datetime": "2024-08-01T14:17:49.306542",
        "symbol": "LTC/USDT",
        "type": "limit",
        "side": "buy",
        "price": 46592.46398320254,
        "amount": 0.0029360537434384064,
        "cost": 69.16478458737565
    },
    {
        "id": "test_order_1722511129",
        "datetime": "2024-08-01T14:18:49.381462",
        "symbol": "BTC/USDT",
        "type": "market",
        "side": "sell",
        "price": 34398.009096293106,
        "amount": 0.008436727590944042,
        "cost": 300.53393120394134
    },
    {
        "id": "test_order_1722511189",
        "datetime": "2024-08-01T14:19:49.453249",
        "symbol": "ETH/USDT",
        "type": "market",
        "side": "buy",
        "price": 48447.169594076026,
        "amount": 0.006045766232189714,
        "cost": 81.59005892607564
    },
    {
        "id": "test_order_1722511249",
        "datetime": "2024-08-01T14:20:49.522720",
        "symbol": "LTC/USDT",
        "type": "market",
        "side": "buy",
        "price": 41976.13162306166,
        "amount": 0.0012483242460532332,
        "cost": 273.3255742957621
    },
    {
        "id": "test_order_1722511309",
        "datetime": "2024-08-01T14:21:49.606119",
        "symbol": "BTC/USDT",
        "type": "limit",
        "side": "sell",
        "price": 31785.67780514219,
        "amount": 0.0018497729680062554,
        "cost": 215.3698439066164
    },
    {
        "id": "test_order_1722511369",
        "datetime": "2024-08-01T14:22:49.688776",
        "symbol": "BTC/USDT",
        "type": "limit",
        "side": "sell",
        "price": 40330.45276844311,
        "amount": 0.0018529353345621662,
        "cost": 332.5982447357539
    },
    {
        "id": "test_order_1722511429",
        "datetime": "2024-08-01T14:23:49.764284",
        "symbol": "LTC/USDT",
        "type": "limit",
        "side": "buy",
        "price": 49992.49416531579,
        "amount": 0.0029853798660636854,
        "cost": 97.27592065813653
    },
    {
        "id": "test_order_1722511489",
        "datetime": "2024-08-01T14:24:49.841092",
        "symbol": "LTC/USDT",
        "type": "limit",
        "side": "buy",
        "price": 34611.706767256095,
        "amount": 0.0012864847096377171,
        "cost": 377.6166932699217
    },
    {
        "id": "test_order_1722511549",
        "datetime": "2024-08-01T14:25:49.925433",
        "symbol": "ETH/USDT",
        "type": "limit",
        "side": "buy",
        "price": 40095.00800469345,
        "amount": 0.0067214489918304456,
        "cost": 222.2926363158691
    },
    {
        "id": "test_order_1722511610",
        "datetime": "2024-08-01T14:26:50.018779",
        "symbol": "BTC/USDT",
        "type": "market",
        "side": "sell",
        "price": 44101.23187722078,
        "amount": 0.004744638709912029,
        "cost": 291.94142496611283
    },
    {
        "id": "test_order_1722511670",
        "datetime": "2024-08-01T14:27:50.099564",
        "symbol": "LTC/USDT",
        "type": "market",
        "side": "sell",
        "price": 34641.21304249958,
        "amount": 0.002647149793506812,
        "cost": 431.632549506684
    },
    {
        "id": "test_order_1722511730",
        "datetime": "2024-08-01T14:28:50.176807",
        "symbol": "LTC/USDT",
        "type": "limit",
        "side": "buy",
        "price": 38561.88309688232,
        "amount": 0.0011912554978969177,
        "cost": 490.6845833765077
    },
    {
        "id": "test_order_1722511790",
        "datetime": "2024-08-01T14:29:50.255398",
        "symbol": "BTC/USDT",
        "type": "market",
        "side": "buy",
        "price": 36884.13502266672,
        "amount": 0.00860403336961622,
        "cost": 69.46725804640988
    },
    {
        "id": "test_order_1722511833",
        "datetime": "2024-08-01T14:30:33.525878",
        "symbol": "BTC/USDT",
        "type": "market",
        "side": "sell",
        "price": 46016.523801343064,
        "amount": 0.00500723298579066,
        "cost": 171.0720069081755
    },
    {
        "id": "test_order_1722511942",
        "datetime": "2024-08-01T14:32:22.097957",
        "symbol": "BTC/USDT",
        "type": "market",
        "side": "buy",
        "price": 40986.66743368243,
        "amount": 0.00754128861632073,
        "cost": 483.8560516029252
    },
    {
        "id": "test_order_1722512002",
        "datetime": "2024-08-01T14:33:22.616444",
        "symbol": "ETH/USDT",
        "type": "limit",
        "side": "buy",
        "price": 43289.48000617596,
        "amount": 0.008219669232890924,
        "cost": 67.11259035490538
    },
    {
        "id": "test_order_1722512062",
        "datetime": "2024-08-01T14:34:22.695313",
        "symbol": "ETH/USDT",
        "type": "limit",
        "side": "buy",
        "price": 38681.852553171295,
        "amount": 0.004464100451132179,
        "cost": 321.9573619374483
    },
    {
        "id": "test_order_1722512122",
        "datetime": "2024-08-01T14:35:22.776255",
        "symbol": "LTC/USDT",
        "type": "limit",
        "side": "sell",
        "price": 35107.9443533959,
        "amount": 0.0018501358049993562,
        "cost": 288.4242744623567
    },
    {
        "id": "test_order_1722512182",
        "datetime": "2024-08-01T14:36:22.861990",
        "symbol": "ETH/USDT",
        "type": "market",
        "side": "sell",
        "price": 33528.141010338804,
        "amount": 0.00498820211224122,
        "cost": 302.8416862817689
    },
    {
        "id": "test_order_1722512242",
        "datetime": "2024-08-01T14:37:22.948679",
        "symbol": "LTC/USDT",
        "type": "market",
        "side": "sell",
        "price": 41398.021630132775,
        "amount": 0.006356737709174914,
        "cost": 333.4135574209617
    },
    {
        "id": "test_order_1722512303",
        "datetime": "2024-08-01T14:38:23.041035",
        "symbol": "BTC/USDT",
        "type": "limit",
        "side": "sell",
        "price": 49138.928560436274,
        "amount": 0.0019483285687471644,
        "cost": 275.4957938096132
    },
    {
        "id": "test_order_1722512363",
        "datetime": "2024-08-01T14:39:23.263128",
        "symbol": "LTC/USDT",
        "type": "market",
        "side": "sell",
        "price": 45928.75559873649,
        "amount": 0.007197976989341305,
        "cost": 462.3470968172419
    },
    {
        "id": "test_order_1722512423",
        "datetime": "2024-08-01T14:40:23.340903",
        "symbol": "ETH/USDT",
        "type": "limit",
        "side": "buy",
        "price": 48177.202899746495,
        "amount": 0.00916475318443508,
        "cost": 451.5035230197154
    },
    {
        "id": "test_order_1722512483",
        "datetime": "2024-08-01T14:41:23.403289",
        "symbol": "ETH/USDT",
        "type": "market",
        "side": "sell",
        "price": 36602.59761109647,
        "amount": 0.006013075775937728,
        "cost": 68.66267820403493
    },
    {
        "id": "test_order_1722521184",
        "datetime": "2024-08-01T17:06:24.873001",
        "symbol": "LTC/USDT",
        "type": "market",
        "side": "buy",
        "price": 37149.52691995052,
        "amount": 0.007437865835821308,
        "cost": 327.62175028968295
    },
    {
        "id": "test_order_1722521245",
        "datetime": "2024-08-01T17:07:25.210482",
        "symbol": "BTC/USDT",
        "type": "limit",
        "side": "buy",
        "price": 39525.20474050385,
        "amount": 0.004015507189584786,
        "cost": 72.69797328769667
    },
    {
        "id": "test_order_1722521305",
        "datetime": "2024-08-01T17:08:25.301020",
        "symbol": "LTC/USDT",
        "type": "limit",
        "side": "buy",
        "price": 49205.57561754163,
        "amount": 0.001935063203435279,
        "cost": 73.46389467290575
    },
    {
        "id": "test_order_1722521365",
        "datetime": "2024-08-01T17:09:25.402453",
        "symbol": "ETH/USDT",
        "type": "market",
        "side": "sell",
        "price": 47276.05705496291,
        "amount": 0.0015655758335818718,
        "cost": 379.6284507949904
    },
    {
        "id": "test_order_1722521425",
        "datetime": "2024-08-01T17:10:25.495774",
        "symbol": "BTC/USDT",
        "type": "market",
        "side": "sell",
        "price": 39763.45926908822,
        "amount": 0.0024459468129248746,
        "cost": 355.19404856645343
    },
    {
        "id": "test_order_1722521485",
        "datetime": "2024-08-01T17:11:25.589106",
        "symbol": "ETH/USDT",
        "type": "limit",
        "side": "sell",
        "price": 49858.674549323885,
        "amount": 0.004016659646078138,
        "cost": 229.043327733712
    },
    {
        "id": "test_order_1722521545",
        "datetime": "2024-08-01T17:12:25.684724",
        "symbol": "ETH/USDT",
        "type": "limit",
        "side": "sell",
        "price": 31730.4337961809,
        "amount": 0.007668756340006838,
        "cost": 190.72332431039035
    },
    {
        "id": "test_order_1722521605",
        "datetime": "2024-08-01T17:13:25.783921",
        "symbol": "LTC/USDT",
        "type": "market",
        "side": "buy",
        "price": 48941.34508096684,
        "amount": 0.004454192702747707,
        "cost": 259.09905646494633
    },
    {
        "id": "test_order_1722521665",
        "datetime": "2024-08-01T17:14:25.824344",
        "symbol": "ETH/USDT",
        "type": "limit",
        "side": "sell",
        "price": 49391.15603958864,
        "amount": 0.006713122835115589,
        "cost": 296.92410298292066
    },
    {
        "id": "test_order_1722522269",
        "datetime": "2024-08-01T17:24:29.378661",
        "symbol": "ETH/USDT",
        "type": "limit",
        "side": "sell",
        "price": 46725.66259113576,
        "amount": 0.007050123240432917,
        "cost": 228.52003640472478
    },
    {
        "id": "test_order_1722522319",
        "datetime": "2024-08-01T17:25:19.455210",
        "symbol": "LTC/USDT",
        "type": "limit",
        "side": "sell",
        "price": 43625.174077102,
        "amount": 0.0029071237835836196,
        "cost": 163.32022471436758
    },
    {
        "id": "test_order_1722522552",
        "datetime": "2024-08-01T17:29:12.880561",
        "symbol": "ETH/USDT",
        "type": "market",
        "side": "sell",
        "price": 42543.419053364276,
        "amount": 0.006506468138354642,
        "cost": 357.49765759338334
    },
    {
        "id": "test_order_1722522613",
        "datetime": "2024-08-01T17:30:13.131133",
        "symbol": "ETH/USDT",
        "type": "limit",
        "side": "sell",
        "price": 49011.916179660126,
        "amount": 0.002628993051202992,
        "cost": 250.5166671109872
    },
    {
        "id": "test_order_1722522673",
        "datetime": "2024-08-01T17:31:13.233656",
        "symbol": "ETH/USDT",
        "type": "market",
        "side": "sell",
        "price": 48059.35479165353,
        "amount": 0.0021166769684425107,
        "cost": 101.88314450615135
    },
    {
        "id": "test_order_1722522733",
        "datetime": "2024-08-01T17:32:13.325921",
        "symbol": "BTC/USDT",
        "type": "market",
        "side": "buy",
        "price": 49558.8945700167,
        "amount": 0.008318729443621182,
        "cost": 290.82539341334336
    },
    {
        "id": "test_order_1722522793",
        "datetime": "2024-08-01T17:33:13.407992",
        "symbol": "ETH/USDT",
        "type": "market",
        "side": "sell",
        "price": 49830.45815761799,
        "amount": 0.007755180856608745,
        "cost": 370.38845181478496
    },
    {
        "id": "test_order_1722522853",
        "datetime": "2024-08-01T17:34:13.494737",
        "symbol": "LTC/USDT",
        "type": "market",
        "side": "sell",
        "price": 47613.5721974651,
        "amount": 0.009033966050564338,
        "cost": 361.0496371063932
    },
    {
        "id": "test_order_1722522913",
        "datetime": "2024-08-01T17:35:13.580128",
        "symbol": "ETH/USDT",
        "type": "market",
        "side": "sell",
        "price": 48564.309029519274,
        "amount": 0.005770938457209959,
        "cost": 101.89449242367469
    },
    {
        "id": "test_order_1722522973",
        "datetime": "2024-08-01T17:36:13.664030",
        "symbol": "LTC/USDT",
        "type": "limit",
        "side": "buy",
        "price": 45041.38014712764,
        "amount": 0.007470492100712146,
        "cost": 363.32590157730107
    },
    {
        "id": "test_order_1722523033",
        "datetime": "2024-08-01T17:37:13.788384",
        "symbol": "LTC/USDT",
        "type": "limit",
        "side": "sell",
        "price": 40721.36628654238,
        "amount": 0.007762989813622507,
        "cost": 258.67567129806514
    },
    {
        "id": "test_order_1722523093",
        "datetime": "2024-08-01T17:38:13.899558",
        "symbol": "LTC/USDT",
        "type": "market",
        "side": "sell",
        "price": 46339.507801651016,
        "amount": 0.005659701721753421,
        "cost": 158.66978241326203
    },
    {
        "id": "test_order_1722523154",
        "datetime": "2024-08-01T17:39:14.007840",
        "symbol": "LTC/USDT",
        "type": "market",
        "side": "sell",
        "price": 39001.50256092435,
        "amount": 0.009565701400990535,
        "cost": 62.3909692241644
    },
    {
        "id": "test_order_1722524256",
        "datetime": "2024-08-01T17:57:36.443155",
        "symbol": "ETH/USDT",
        "type": "market",
        "side": "buy",
        "price": 48212.15822681901,
        "amount": 0.00947626365712892,
        "cost": 379.51778486709986
    },
    {
        "id": "test_order_1722524384",
        "datetime": "2024-08-01T17:59:44.539425",
        "symbol": "LTC/USDT",
        "type": "market",
        "side": "buy",
        "price": 36380.36478704924,
        "amount": 0.009033378194706333,
        "cost": 312.6866382414304
    },
    {
        "id": "test_order_1722524490",
        "datetime": "2024-08-01T18:01:30.495930",
        "symbol": "LTC/USDT",
        "type": "market",
        "side": "sell",
        "price": 33337.273871813115,
        "amount": 0.008768882947604074,
        "cost": 65.38824328583276
    },
    {
        "id": "test_order_1722524622",
        "datetime": "2024-08-01T18:03:42.822821",
        "symbol": "BTC/USDT",
        "type": "market",
        "side": "sell",
        "price": 37882.37766364048,
        "amount": 0.007428201112888448,
        "cost": 492.7981358762892
    },
    {
        "id": "test_order_1722524748",
        "datetime": "2024-08-01T18:05:48.270774",
        "symbol": "LTC/USDT",
        "type": "market",
        "side": "sell",
        "price": 37477.83244322782,
        "amount": 0.005999681922988259,
        "cost": 394.2097508307583
    },
    {
        "id": "test_order_1722524821",
        "datetime": "2024-08-01T18:07:01.616113",
        "symbol": "ETH/USDT",
        "type": "limit",
        "side": "buy",
        "price": 34342.4425416872,
        "amount": 0.009497415285116575,
        "cost": 176.70471988423608
    },
    {
        "id": "test_order_1722524883",
        "datetime": "2024-08-01T18:08:03.665800",
        "symbol": "BTC/USDT",
        "type": "market",
        "side": "sell",
        "price": 40157.767998935524,
        "amount": 0.00412086770604124,
        "cost": 443.79103733423636
    },
    {
        "id": "test_order_1722524945",
        "datetime": "2024-08-01T18:09:05.209194",
        "symbol": "ETH/USDT",
        "type": "limit",
        "side": "sell",
        "price": 42122.11850258562,
        "amount": 0.0016320965821518818,
        "cost": 258.38558036991344
    },
    {
        "id": "test_order_1722525006",
        "datetime": "2024-08-01T18:10:06.678882",
        "symbol": "ETH/USDT",
        "type": "market",
        "side": "sell",
        "price": 44822.137515654045,
        "amount": 0.0015675396093744803,
        "cost": 410.8764763717535
    },
    {
        "id": "test_order_1722525068",
        "datetime": "2024-08-01T18:11:08.586819",
        "symbol": "ETH/USDT",
        "type": "market",
        "side": "sell",
        "price": 40820.97412901942,
        "amount": 0.002273531161755239,
        "cost": 394.9769822753172
    },
    {
        "id": "test_order_1722525263",
        "datetime": "2024-08-01T18:14:23.659080",
        "symbol": "ETH/USDT",
        "type": "limit",
        "side": "buy",
        "price": 48751.52330094321,
        "amount": 0.0034238935196741235,
        "cost": 182.8135640847024
    },
    {
        "id": "test_order_1722525455",
        "datetime": "2024-08-01T18:17:35.400580",
        "symbol": "ETH/USDT",
        "type": "limit",
        "side": "buy",
        "price": 45294.697242697745,
        "amount": 0.004409864421627099,
        "cost": 291.13658170055714
    },
    {
        "id": "test_order_1722525693",
        "datetime": "2024-08-01T18:21:33.413925",
        "symbol": "ETH/USDT",
        "type": "limit",
        "side": "buy",
        "price": 39841.18201986238,
        "amount": 0.0050766880023585,
        "cost": 230.30070961883715
    },
    {
        "id": "test_order_1722526043",
        "datetime": "2024-08-01T18:27:23.529085",
        "symbol": "ETH/USDT",
        "type": "market",
        "side": "sell",
        "price": 36916.131490404994,
        "amount": 0.0032360854215544004,
        "cost": 86.72108384856507
    },
    {
        "id": "test_order_1722526843",
        "datetime": "2024-08-01T18:40:43.269266",
        "symbol": "ETH/USDT",
        "type": "market",
        "side": "sell",
        "price": 37307.0422089692,
        "amount": 0.009529748447421077,
        "cost": 286.6276295290643
    },
    {
        "id": "test_order_1722527743",
        "datetime": "2024-08-01T18:55:43.025293",
        "symbol": "ETH/USDT",
        "type": "market",
        "side": "sell",
        "price": 42547.91427435538,
        "amount": 0.009543237546382977,
        "cost": 236.47040719269663
    },
    {
        "id": "test_order_1722530474",
        "datetime": "2024-08-01T19:41:14.747263",
        "symbol": "ETH/USDT",
        "type": "limit",
        "side": "sell",
        "price": 33508.1157451561,
        "amount": 0.008149934504207429,
        "cost": 138.523076229673
    },
    {
        "id": "test_order_1722530564",
        "datetime": "2024-08-01T19:42:44.404623",
        "symbol": "BTC/USDT",
        "type": "limit",
        "side": "sell",
        "price": 31605.318498094704,
        "amount": 0.0050830174567155035,
        "cost": 84.5488026190337
    },
    {
        "id": "test_order_1722530632",
        "datetime": "2024-08-01T19:43:52.237972",
        "symbol": "ETH/USDT",
        "type": "limit",
        "side": "sell",
        "price": 43336.646388369365,
        "amount": 0.00504367367930403,
        "cost": 284.8020117908623
    },
    {
        "id": "test_order_1722530886",
        "datetime": "2024-08-01T19:48:06.116288",
        "symbol": "LTC/USDT",
        "type": "market",
        "side": "buy",
        "price": 45196.594340332405,
        "amount": 0.005271098010314054,
        "cost": 378.2585727772094
    },
    {
        "id": "test_order_1722530975",
        "datetime": "2024-08-01T19:49:35.411421",
        "symbol": "LTC/USDT",
        "type": "limit",
        "side": "sell",
        "price": 30941.599330787132,
        "amount": 0.006829404364858256,
        "cost": 411.4021345190699
    },
    {
        "id": "test_order_1722531057",
        "datetime": "2024-08-01T19:50:57.987868",
        "symbol": "BTC/USDT",
        "type": "limit",
        "side": "sell",
        "price": 46268.65728017232,
        "amount": 0.002110619109235699,
        "cost": 377.0509759654965
    },
    {
        "id": "test_order_1722531141",
        "datetime": "2024-08-01T19:52:21.581784",
        "symbol": "BTC/USDT",
        "type": "market",
        "side": "buy",
        "price": 34267.66066351032,
        "amount": 0.00515254991981899,
        "cost": 332.68032841814687
    },
    {
        "id": "test_order_1722531203",
        "datetime": "2024-08-01T19:53:23.125076",
        "symbol": "BTC/USDT",
        "type": "limit",
        "side": "buy",
        "price": 30169.79058752081,
        "amount": 0.0010109629449824948,
        "cost": 467.3710930531644
    },
    {
        "id": "test_order_1722531291",
        "datetime": "2024-08-01T19:54:51.895829",
        "symbol": "ETH/USDT",
        "type": "market",
        "side": "buy",
        "price": 43334.63916338666,
        "amount": 0.0030322208387278554,
        "cost": 54.331806326005065
    },
    {
        "id": "test_order_1722531360",
        "datetime": "2024-08-01T19:56:00.509776",
        "symbol": "ETH/USDT",
        "type": "market",
        "side": "sell",
        "price": 47283.16797799283,
        "amount": 0.0017029960932024738,
        "cost": 233.86125124652594
    },
    {
        "id": "test_order_1722531424",
        "datetime": "2024-08-01T19:57:04.901002",
        "symbol": "BTC/USDT",
        "type": "limit",
        "side": "buy",
        "price": 30820.981396469375,
        "amount": 0.00801978527407075,
        "cost": 122.3836483029769
    },
    {
        "id": "test_order_1722531486",
        "datetime": "2024-08-01T19:58:06.025923",
        "symbol": "BTC/USDT",
        "type": "market",
        "side": "sell",
        "price": 43821.31669945856,
        "amount": 0.008840754881137617,
        "cost": 264.3687281973831
    },
    {
        "id": "test_order_1722531547",
        "datetime": "2024-08-01T19:59:07.344414",
        "symbol": "ETH/USDT",
        "type": "limit",
        "side": "sell",
        "price": 42235.86108379863,
        "amount": 0.006013543214296116,
        "cost": 41.49822103199248
    },
    {
        "id": "test_order_1722531608",
        "datetime": "2024-08-01T20:00:08.031680",
        "symbol": "ETH/USDT",
        "type": "limit",
        "side": "sell",
        "price": 41538.0952077966,
        "amount": 0.001115249153941978,
        "cost": 358.40876718749274
    },
    {
        "id": "test_order_1722531670",
        "datetime": "2024-08-01T20:01:10.171364",
        "symbol": "LTC/USDT",
        "type": "limit",
        "side": "buy",
        "price": 35014.59179158844,
        "amount": 0.00629606494218282,
        "cost": 93.83818131009915
    },
    {
        "id": "test_order_1722531731",
        "datetime": "2024-08-01T20:02:11.497793",
        "symbol": "ETH/USDT",
        "type": "market",
        "side": "buy",
        "price": 44900.75290428478,
        "amount": 0.0020045267980045396,
        "cost": 409.0020329022851
    },
    {
        "id": "test_order_1722531792",
        "datetime": "2024-08-01T20:03:12.870052",
        "symbol": "ETH/USDT",
        "type": "market",
        "side": "buy",
        "price": 34954.19100851013,
        "amount": 0.009836587491815228,
        "cost": 423.2606951824448
    },
    {
        "id": "test_order_1722531853",
        "datetime": "2024-08-01T20:04:13.921489",
        "symbol": "ETH/USDT",
        "type": "limit",
        "side": "sell",
        "price": 34227.120305293036,
        "amount": 0.009246482907749754,
        "cost": 84.06662041515185
    },
    {
        "id": "test_order_1722531959",
        "datetime": "2024-08-01T20:05:59.954803",
        "symbol": "ETH/USDT",
        "type": "limit",
        "side": "buy",
        "price": 43286.53521980119,
        "amount": 0.006567700045646085,
        "cost": 49.3101521393148
    },
    {
        "id": "test_order_1722532020",
        "datetime": "2024-08-01T20:07:00.893123",
        "symbol": "ETH/USDT",
        "type": "limit",
        "side": "buy",
        "price": 39080.44323062661,
        "amount": 0.00957123158774488,
        "cost": 203.9540519650971
    },
    {
        "id": "test_order_1722532081",
        "datetime": "2024-08-01T20:08:01.919579",
        "symbol": "BTC/USDT",
        "type": "limit",
        "side": "buy",
        "price": 41372.75875374333,
        "amount": 0.0064220332479739935,
        "cost": 392.45176218046265
    },
    {
        "id": "test_order_1722532143",
        "datetime": "2024-08-01T20:09:03.660256",
        "symbol": "ETH/USDT",
        "type": "limit",
        "side": "sell",
        "price": 43887.87408951574,
        "amount": 0.009546849350887197,
        "cost": 245.8845761009151
    },
    {
        "id": "test_order_1722532205",
        "datetime": "2024-08-01T20:10:05.892831",
        "symbol": "LTC/USDT",
        "type": "limit",
        "side": "buy",
        "price": 34606.43085800305,
        "amount": 0.006205446963580806,
        "cost": 244.89346913713047
    },
    {
        "id": "test_order_1722532267",
        "datetime": "2024-08-01T20:11:07.565521",
        "symbol": "LTC/USDT",
        "type": "limit",
        "side": "buy",
        "price": 39584.34636404491,
        "amount": 0.0012340020814736587,
        "cost": 496.0159519543599
    },
    {
        "id": "test_order_1722532328",
        "datetime": "2024-08-01T20:12:08.538025",
        "symbol": "ETH/USDT",
        "type": "market",
        "side": "buy",
        "price": 30803.579134159863,
        "amount": 0.005243161463117334,
        "cost": 55.46762681847886
    },
    {
        "id": "test_order_1722532400",
        "datetime": "2024-08-01T20:13:20.588962",
        "symbol": "BTC/USDT",
        "type": "limit",
        "side": "buy",
        "price": 34894.27406065476,
        "amount": 0.0014068824602516841,
        "cost": 296.72808726363553
    },
    {
        "id": "test_order_1722532483",
        "datetime": "2024-08-01T20:14:43.507612",
        "symbol": "LTC/USDT",
        "type": "limit",
        "side": "buy",
        "price": 36682.616219937656,
        "amount": 0.0028339377999933514,
        "cost": 182.13490168590593
    },
    {
        "id": "test_order_1722535163",
        "datetime": "2024-08-01T20:59:23.403764",
        "symbol": "ETH/USDT",
        "type": "limit",
        "side": "sell",
        "price": 46387.105810584835,
        "amount": 0.00925759856600538,
        "cost": 118.19303931692968
    },
    {
        "id": "test_order_1722543241",
        "datetime": "2024-08-01T23:14:01.054209",
        "symbol": "ETH/USDT",
        "type": "market",
        "side": "buy",
        "price": 47890.54772557977,
        "amount": 0.009436908257638692,
        "cost": 121.32665106324286
    },
    {
        "id": "test_order_1722545006",
        "datetime": "2024-08-01T23:43:26.911880",
        "symbol": "BTC/USDT",
        "type": "market",
        "side": "sell",
        "price": 45986.333235796585,
        "amount": 0.001965287925861608,
        "cost": 225.43391012628854
    },
    {
        "id": "test_order_1722552320",
        "datetime": "2024-08-02T01:45:20.619533",
        "symbol": "ETH/USDT",
        "type": "limit",
        "side": "sell",
        "price": 44042.37324683642,
        "amount": 0.008264721513145612,
        "cost": 491.66217382298464
    },
    {
        "id": "test_order_1722562983",
        "datetime": "2024-08-02T04:43:03.378919",
        "symbol": "BTC/USDT",
        "type": "limit",
        "side": "sell",
        "price": 47048.54410498842,
        "amount": 0.002308169495404404,
        "cost": 31.706327798343253
    },
    {
        "id": "test_order_1722570229",
        "datetime": "2024-08-02T06:43:49.142126",
        "symbol": "LTC/USDT",
        "type": "market",
        "side": "sell",
        "price": 42737.90488824052,
        "amount": 0.006778741794651654,
        "cost": 251.05699920813873
    },
    {
        "id": "test_order_1722570361",
        "datetime": "2024-08-02T06:46:01.625244",
        "symbol": "ETH/USDT",
        "type": "market",
        "side": "buy",
        "price": 41615.46995868832,
        "amount": 0.002266882274034928,
        "cost": 426.8128182065835
    },
    {
        "id": "test_order_1722570427",
        "datetime": "2024-08-02T06:47:07.847019",
        "symbol": "ETH/USDT",
        "type": "limit",
        "side": "sell",
        "price": 46105.3632507297,
        "amount": 0.00916689272082474,
        "cost": 186.6307931142468
    },
    {
        "id": "test_order_1722570488",
        "datetime": "2024-08-02T06:48:08.759463",
        "symbol": "ETH/USDT",
        "type": "limit",
        "side": "buy",
        "price": 33156.10131595367,
        "amount": 0.007792142942102834,
        "cost": 259.69077421737245
    },
    {
        "id": "test_order_1722570564",
        "datetime": "2024-08-02T06:49:24.728522",
        "symbol": "LTC/USDT",
        "type": "market",
        "side": "buy",
        "price": 30399.641910770297,
        "amount": 0.006095417352112236,
        "cost": 150.53070497706506
    },
    {
        "id": "test_order_1722570625",
        "datetime": "2024-08-02T06:50:25.572365",
        "symbol": "BTC/USDT",
        "type": "market",
        "side": "buy",
        "price": 41833.53564175147,
        "amount": 0.003766160150975005,
        "cost": 466.50811698564775
    },
    {
        "id": "test_order_1722570686",
        "datetime": "2024-08-02T06:51:26.463740",
        "symbol": "BTC/USDT",
        "type": "limit",
        "side": "sell",
        "price": 48123.16265267437,
        "amount": 0.004229605794911674,
        "cost": 490.372926958386
    },
    {
        "id": "test_order_1722570747",
        "datetime": "2024-08-02T06:52:27.285955",
        "symbol": "BTC/USDT",
        "type": "limit",
        "side": "sell",
        "price": 45141.379506927406,
        "amount": 0.007998675193953624,
        "cost": 173.1083268726403
    },
    {
        "id": "test_order_1722570808",
        "datetime": "2024-08-02T06:53:28.149934",
        "symbol": "BTC/USDT",
        "type": "limit",
        "side": "buy",
        "price": 41029.490226699825,
        "amount": 0.00868801563936807,
        "cost": 297.13191879509105
    },
    {
        "id": "test_order_1722570869",
        "datetime": "2024-08-02T06:54:29.074464",
        "symbol": "ETH/USDT",
        "type": "limit",
        "side": "sell",
        "price": 43262.16589272427,
        "amount": 0.0033291383395778243,
        "cost": 82.69548889118477
    },
    {
        "id": "test_order_1722570929",
        "datetime": "2024-08-02T06:55:29.936337",
        "symbol": "ETH/USDT",
        "type": "limit",
        "side": "sell",
        "price": 45919.27732302675,
        "amount": 0.004419408568691657,
        "cost": 203.81730276140144
    },
    {
        "id": "test_order_1722570990",
        "datetime": "2024-08-02T06:56:30.846889",
        "symbol": "ETH/USDT",
        "type": "limit",
        "side": "buy",
        "price": 33673.61672953041,
        "amount": 0.00647655558660764,
        "cost": 433.84413966398023
    },
    {
        "id": "test_order_1722571241",
        "datetime": "2024-08-02T07:00:41.347834",
        "symbol": "ETH/USDT",
        "type": "limit",
        "side": "buy",
        "price": 33697.82984864859,
        "amount": 0.007819023306537177,
        "cost": 97.3424956585527
    },
    {
        "id": "test_order_1722571305",
        "datetime": "2024-08-02T07:01:45.072534",
        "symbol": "ETH/USDT",
        "type": "market",
        "side": "buy",
        "price": 46829.478243668535,
        "amount": 0.008991786499911739,
        "cost": 146.012336157078
    },
    {
        "id": "test_order_1722571401",
        "datetime": "2024-08-02T07:03:21.165797",
        "symbol": "BTC/USDT",
        "type": "limit",
        "side": "buy",
        "price": 42016.007056336275,
        "amount": 0.006483995841449521,
        "cost": 467.9713661476195
    },
    {
        "id": "test_order_1722571486",
        "datetime": "2024-08-02T07:04:46.201697",
        "symbol": "LTC/USDT",
        "type": "limit",
        "side": "sell",
        "price": 49460.493179620375,
        "amount": 0.0011892303139187886,
        "cost": 41.57492628111444
    },
    {
        "id": "test_order_1722571572",
        "datetime": "2024-08-02T07:06:12.810303",
        "symbol": "ETH/USDT",
        "type": "limit",
        "side": "sell",
        "price": 37392.12806232085,
        "amount": 0.008607208993762439,
        "cost": 234.23202069161658
    },
    {
        "id": "test_order_1722571635",
        "datetime": "2024-08-02T07:07:15.608590",
        "symbol": "LTC/USDT",
        "type": "limit",
        "side": "sell",
        "price": 34983.59192608297,
        "amount": 0.0038865706843004785,
        "cost": 410.31822577405694
    },
    {
        "id": "test_order_1722571698",
        "datetime": "2024-08-02T07:08:18.418800",
        "symbol": "LTC/USDT",
        "type": "market",
        "side": "sell",
        "price": 35714.24702943673,
        "amount": 0.0039036845927888342,
        "cost": 148.14376430262465
    },
    {
        "id": "test_order_1722571765",
        "datetime": "2024-08-02T07:09:25.181037",
        "symbol": "ETH/USDT",
        "type": "limit",
        "side": "buy",
        "price": 39835.98536758331,
        "amount": 0.002816269903970374,
        "cost": 67.99768473339688
    },
    {
        "id": "test_order_1722571827",
        "datetime": "2024-08-02T07:10:27.497094",
        "symbol": "BTC/USDT",
        "type": "limit",
        "side": "buy",
        "price": 41594.07103494393,
        "amount": 0.0024413686613241094,
        "cost": 283.3983467106972
    },
    {
        "id": "test_order_1722572322",
        "datetime": "2024-08-02T07:18:42.596637",
        "symbol": "BTC/USDT",
        "type": "market",
        "side": "buy",
        "price": 38301.81056447078,
        "amount": 0.002456450071917554,
        "cost": 353.84737518546893
    },
    {
        "id": "test_order_1722573367",
        "datetime": "2024-08-02T07:36:07.327943",
        "symbol": "LTC/USDT",
        "type": "limit",
        "side": "sell",
        "price": 44175.34022852783,
        "amount": 0.008089607573635145,
        "cost": 111.87271856859974
    },
    {
        "id": "test_order_1722573442",
        "datetime": "2024-08-02T07:37:22.569838",
        "symbol": "ETH/USDT",
        "type": "market",
        "side": "buy",
        "price": 45323.37605793339,
        "amount": 0.009968636333819093,
        "cost": 454.57461912593567
    },
    {
        "id": "test_order_1722573581",
        "datetime": "2024-08-02T07:39:41.103561",
        "symbol": "ETH/USDT",
        "type": "limit",
        "side": "buy",
        "price": 46970.90306379525,
        "amount": 0.001917026563253771,
        "cost": 476.0416612021642
    },
    {
        "id": "test_order_1722573652",
        "datetime": "2024-08-02T07:40:52.711409",
        "symbol": "ETH/USDT",
        "type": "limit",
        "side": "buy",
        "price": 37745.26512796561,
        "amount": 0.0031358588123275417,
        "cost": 298.1549563355324
    },
    {
        "id": "test_order_1722573867",
        "datetime": "2024-08-02T07:44:27.507044",
        "symbol": "ETH/USDT",
        "type": "market",
        "side": "sell",
        "price": 44389.818590353185,
        "amount": 0.0010957031759921867,
        "cost": 412.7988252424842
    },
    {
        "id": "test_order_1722573947",
        "datetime": "2024-08-02T07:45:47.275304",
        "symbol": "BTC/USDT",
        "type": "limit",
        "side": "sell",
        "price": 48329.14191886436,
        "amount": 0.008830492373628158,
        "cost": 128.40134834443967
    },
    {
        "id": "test_order_1722574104",
        "datetime": "2024-08-02T07:48:24.151376",
        "symbol": "BTC/USDT",
        "type": "limit",
        "side": "sell",
        "price": 32038.17262558421,
        "amount": 0.008091560835493915,
        "cost": 411.38767549506525
    },
    {
        "id": "test_order_1722574191",
        "datetime": "2024-08-02T07:49:51.487748",
        "symbol": "LTC/USDT",
        "type": "limit",
        "side": "buy",
        "price": 38685.262923037815,
        "amount": 0.005724227961305569,
        "cost": 415.4363245020981
    },
    {
        "id": "test_order_1722574263",
        "datetime": "2024-08-02T07:51:03.493985",
        "symbol": "BTC/USDT",
        "type": "limit",
        "side": "sell",
        "price": 42558.19784276068,
        "amount": 0.006401928589541164,
        "cost": 166.5356713010521
    },
    {
        "id": "test_order_1722574472",
        "datetime": "2024-08-02T07:54:32.893173",
        "symbol": "LTC/USDT",
        "type": "market",
        "side": "sell",
        "price": 44974.20656408393,
        "amount": 0.002596129532769395,
        "cost": 183.32975293945137
    },
    {
        "id": "test_order_1722574671",
        "datetime": "2024-08-02T07:57:51.839777",
        "symbol": "BTC/USDT",
        "type": "market",
        "side": "buy",
        "price": 32932.95961404894,
        "amount": 0.007832836009365407,
        "cost": 274.3399310753707
    },
    {
        "id": "test_order_1722574780",
        "datetime": "2024-08-02T07:59:40.780586",
        "symbol": "BTC/USDT",
        "type": "limit",
        "side": "buy",
        "price": 32933.076133838564,
        "amount": 0.0018909407097992819,
        "cost": 449.8911673188973
    },
    {
        "id": "test_order_1722574854",
        "datetime": "2024-08-02T08:00:54.053198",
        "symbol": "LTC/USDT",
        "type": "market",
        "side": "buy",
        "price": 46000.10591800254,
        "amount": 0.006663188896276977,
        "cost": 88.84198631712214
    },
    {
        "id": "test_order_1722574927",
        "datetime": "2024-08-02T08:02:07.847925",
        "symbol": "BTC/USDT",
        "type": "market",
        "side": "sell",
        "price": 47202.75766413917,
        "amount": 0.007158137543589838,
        "cost": 394.00646780034
    },
    {
        "id": "test_order_1722575091",
        "datetime": "2024-08-02T08:04:51.690545",
        "symbol": "ETH/USDT",
        "type": "market",
        "side": "sell",
        "price": 45440.38875178671,
        "amount": 0.007964240894106701,
        "cost": 328.69964429829247
    },
    {
        "id": "test_order_1722575203",
        "datetime": "2024-08-02T08:06:43.449386",
        "symbol": "ETH/USDT",
        "type": "market",
        "side": "sell",
        "price": 35000.25377768182,
        "amount": 0.00811257905532995,
        "cost": 456.286596678601
    },
    {
        "id": "test_order_1722575289",
        "datetime": "2024-08-02T08:08:09.644939",
        "symbol": "BTC/USDT",
        "type": "limit",
        "side": "buy",
        "price": 37391.406350008845,
        "amount": 0.004275266691053941,
        "cost": 257.378349832402
    },
    {
        "id": "test_order_1722575359",
        "datetime": "2024-08-02T08:09:19.052631",
        "symbol": "LTC/USDT",
        "type": "limit",
        "side": "sell",
        "price": 47611.48997954394,
        "amount": 0.0010800378677757547,
        "cost": 406.6540877065799
    },
    {
        "id": "test_order_1722575424",
        "datetime": "2024-08-02T08:10:24.148819",
        "symbol": "BTC/USDT",
        "type": "limit",
        "side": "buy",
        "price": 35246.8362984274,
        "amount": 0.006521644827154409,
        "cost": 365.03889097811015
    },
    {
        "id": "test_order_1722575487",
        "datetime": "2024-08-02T08:11:27.101924",
        "symbol": "ETH/USDT",
        "type": "limit",
        "side": "sell",
        "price": 47165.58308319842,
        "amount": 0.00819468726117583,
        "cost": 477.5703874473379
    },
    {
        "id": "test_order_1722575555",
        "datetime": "2024-08-02T08:12:35.149427",
        "symbol": "LTC/USDT",
        "type": "market",
        "side": "buy",
        "price": 33113.433791539515,
        "amount": 0.00156366471644046,
        "cost": 483.9028580385316
    },
    {
        "id": "test_order_1722575625",
        "datetime": "2024-08-02T08:13:45.511269",
        "symbol": "ETH/USDT",
        "type": "market",
        "side": "sell",
        "price": 38581.598862719664,
        "amount": 0.008097822824813673,
        "cost": 41.51915063723127
    },
    {
        "id": "test_order_1722575688",
        "datetime": "2024-08-02T08:14:48.262680",
        "symbol": "ETH/USDT",
        "type": "market",
        "side": "sell",
        "price": 34676.124267178035,
        "amount": 0.008397007805621182,
        "cost": 373.80502133087634
    },
    {
        "id": "test_order_1722575784",
        "datetime": "2024-08-02T08:16:24.817968",
        "symbol": "ETH/USDT",
        "type": "market",
        "side": "buy",
        "price": 41176.16224310886,
        "amount": 0.003978539342324906,
        "cost": 293.247316197231
    },
    {
        "id": "test_order_1722576010",
        "datetime": "2024-08-02T08:20:10.096200",
        "symbol": "LTC/USDT",
        "type": "market",
        "side": "sell",
        "price": 32933.127593533005,
        "amount": 0.002762608487308164,
        "cost": 405.13809380350267
    },
    {
        "id": "test_order_1722576072",
        "datetime": "2024-08-02T08:21:12.849595",
        "symbol": "LTC/USDT",
        "type": "market",
        "side": "buy",
        "price": 45101.71114813944,
        "amount": 0.005515844635328177,
        "cost": 476.4905575754909
    },
    {
        "id": "test_order_1722576194",
        "datetime": "2024-08-02T08:23:14.653968",
        "symbol": "ETH/USDT",
        "type": "limit",
        "side": "sell",
        "price": 46197.165820544644,
        "amount": 0.006042504146694733,
        "cost": 272.89755329343194
    },
    {
        "id": "test_order_1722576257",
        "datetime": "2024-08-02T08:24:17.192296",
        "symbol": "ETH/USDT",
        "type": "market",
        "side": "sell",
        "price": 46401.52980765067,
        "amount": 0.0011638316605025536,
        "cost": 64.97452370638058
    },
    {
        "id": "test_order_1722576407",
        "datetime": "2024-08-02T08:26:47.363483",
        "symbol": "LTC/USDT",
        "type": "market",
        "side": "sell",
        "price": 43746.56383247028,
        "amount": 0.005070993788740507,
        "cost": 33.912402461963175
    },
    {
        "id": "test_order_1722576471",
        "datetime": "2024-08-02T08:27:51.512059",
        "symbol": "ETH/USDT",
        "type": "limit",
        "side": "sell",
        "price": 45318.107515715856,
        "amount": 0.0037826398293153204,
        "cost": 323.0991472623686
    },
    {
        "id": "test_order_1722576538",
        "datetime": "2024-08-02T08:28:58.093132",
        "symbol": "ETH/USDT",
        "type": "limit",
        "side": "buy",
        "price": 32984.42681632312,
        "amount": 0.004757152724375812,
        "cost": 350.1857026332228
    },
    {
        "id": "test_order_1722576603",
        "datetime": "2024-08-02T08:30:03.579513",
        "symbol": "ETH/USDT",
        "type": "limit",
        "side": "sell",
        "price": 48134.04098859809,
        "amount": 0.004595874229329839,
        "cost": 145.66957561073434
    },
    {
        "id": "test_order_1722576668",
        "datetime": "2024-08-02T08:31:08.824708",
        "symbol": "ETH/USDT",
        "type": "limit",
        "side": "sell",
        "price": 40114.96276100312,
        "amount": 0.006368436505728551,
        "cost": 93.32225431200729
    },
    {
        "id": "test_order_1722580258",
        "datetime": "2024-08-02T09:30:58.624797",
        "symbol": "LTC/USDT",
        "type": "limit",
        "side": "sell",
        "price": 38818.866655290854,
        "amount": 0.0015203743049573815,
        "cost": 466.16077304157466
    },
    {
        "id": "test_order_1722580324",
        "datetime": "2024-08-02T09:32:04.714526",
        "symbol": "ETH/USDT",
        "type": "market",
        "side": "buy",
        "price": 32647.028148150737,
        "amount": 0.005095951229164948,
        "cost": 379.03343694983727
    },
    {
        "id": "test_order_1722580386",
        "datetime": "2024-08-02T09:33:06.822415",
        "symbol": "ETH/USDT",
        "type": "limit",
        "side": "buy",
        "price": 46980.29821519973,
        "amount": 0.00775010903285788,
        "cost": 380.5544518804892
    },
    {
        "id": "test_order_1722580449",
        "datetime": "2024-08-02T09:34:09.134530",
        "symbol": "BTC/USDT",
        "type": "limit",
        "side": "buy",
        "price": 45773.22059628103,
        "amount": 0.004153500609885721,
        "cost": 219.96027286737197
    },
    {
        "id": "test_order_1722580518",
        "datetime": "2024-08-02T09:35:18.635938",
        "symbol": "BTC/USDT",
        "type": "limit",
        "side": "buy",
        "price": 38777.83799071815,
        "amount": 0.0038866569596987996,
        "cost": 187.1784828831365
    },
    {
        "id": "test_order_1722583701",
        "datetime": "2024-08-02T10:28:21.258059",
        "symbol": "ETH/USDT",
        "type": "limit",
        "side": "sell",
        "price": 39960.77756830379,
        "amount": 0.004494546800539453,
        "cost": 48.755674282113
    },
    {
        "id": "test_order_1722588634",
        "datetime": "2024-08-02T11:50:34.509534",
        "symbol": "BTC/USDT",
        "type": "market",
        "side": "sell",
        "price": 36472.67335081794,
        "amount": 0.006258778488433288,
        "cost": 127.01375560464395
    },
    {
        "id": "test_order_1722589924",
        "datetime": "2024-08-02T12:12:04.717462",
        "symbol": "LTC/USDT",
        "type": "market",
        "side": "buy",
        "price": 47774.240585468004,
        "amount": 0.009380350098892421,
        "cost": 470.38444954692875
    },
    {
        "id": "test_order_1722597873",
        "datetime": "2024-08-02T14:24:33.880348",
        "symbol": "ETH/USDT",
        "type": "limit",
        "side": "buy",
        "price": 31887.229593355165,
        "amount": 0.005091963921373561,
        "cost": 496.24206347594816
    },
    {
        "id": "test_order_1722601344",
        "datetime": "2024-08-02T15:22:24.881597",
        "symbol": "BTC/USDT",
        "type": "market",
        "side": "sell",
        "price": 40455.174368946486,
        "amount": 0.008381063609388346,
        "cost": 327.8495217139749
    },
    {
        "id": "test_order_1722601405",
        "datetime": "2024-08-02T15:23:25.062972",
        "symbol": "LTC/USDT",
        "type": "limit",
        "side": "buy",
        "price": 33494.275469903434,
        "amount": 0.0018534531474459486,
        "cost": 90.00119891848136
    },
    {
        "id": "test_order_1722601465",
        "datetime": "2024-08-02T15:24:25.228329",
        "symbol": "ETH/USDT",
        "type": "limit",
        "side": "buy",
        "price": 48271.850141746894,
        "amount": 0.004426126919237084,
        "cost": 407.73375351274206
    },
    {
        "id": "test_order_1722601525",
        "datetime": "2024-08-02T15:25:25.381625",
        "symbol": "LTC/USDT",
        "type": "limit",
        "side": "buy",
        "price": 43276.37400604262,
        "amount": 0.0024314065401663935,
        "cost": 144.11825675636226
    },
    {
        "id": "test_order_1722601585",
        "datetime": "2024-08-02T15:26:25.468473",
        "symbol": "BTC/USDT",
        "type": "limit",
        "side": "sell",
        "price": 43195.63820098163,
        "amount": 0.007135545928487131,
        "cost": 397.76134094660307
    },
    {
        "id": "test_order_1722601645",
        "datetime": "2024-08-02T15:27:25.579424",
        "symbol": "BTC/USDT",
        "type": "limit",
        "side": "buy",
        "price": 47785.21637352153,
        "amount": 0.009831325412232573,
        "cost": 319.9209168733179
    },
    {
        "id": "test_order_1722601705",
        "datetime": "2024-08-02T15:28:25.674074",
        "symbol": "BTC/USDT",
        "type": "limit",
        "side": "sell",
        "price": 49763.63484054376,
        "amount": 0.0033777589046167147,
        "cost": 495.97919031820135
    },
    {
        "id": "test_order_1722601765",
        "datetime": "2024-08-02T15:29:25.784962",
        "symbol": "LTC/USDT",
        "type": "limit",
        "side": "buy",
        "price": 47755.58518363784,
        "amount": 0.00689332733002625,
        "cost": 298.57672229200847
    },
    {
        "id": "test_order_1722601825",
        "datetime": "2024-08-02T15:30:25.874358",
        "symbol": "LTC/USDT",
        "type": "market",
        "side": "sell",
        "price": 31638.62181684026,
        "amount": 0.008491896315174021,
        "cost": 39.06600207194921
    },
    {
        "id": "test_order_1722601885",
        "datetime": "2024-08-02T15:31:25.977081",
        "symbol": "LTC/USDT",
        "type": "market",
        "side": "sell",
        "price": 30718.898733496007,
        "amount": 0.0018995355795005673,
        "cost": 491.4220892559871
    },
    {
        "id": "test_order_1722601946",
        "datetime": "2024-08-02T15:32:26.083308",
        "symbol": "LTC/USDT",
        "type": "market",
        "side": "sell",
        "price": 35351.09130388166,
        "amount": 0.006618614430179577,
        "cost": 88.03342536180958
    },
    {
        "id": "test_order_1722602006",
        "datetime": "2024-08-02T15:33:26.178886",
        "symbol": "LTC/USDT",
        "type": "limit",
        "side": "sell",
        "price": 46968.361990821555,
        "amount": 0.006952406174228747,
        "cost": 458.8561006788273
    },
    {
        "id": "test_order_1722602066",
        "datetime": "2024-08-02T15:34:26.278987",
        "symbol": "LTC/USDT",
        "type": "limit",
        "side": "sell",
        "price": 34955.73643341063,
        "amount": 0.005276870065067614,
        "cost": 215.9510170289764
    },
    {
        "id": "test_order_1722602126",
        "datetime": "2024-08-02T15:35:26.369676",
        "symbol": "ETH/USDT",
        "type": "limit",
        "side": "sell",
        "price": 35729.16508390807,
        "amount": 0.008234724581510016,
        "cost": 324.9179276029471
    },
    {
        "id": "test_order_1722604147",
        "datetime": "2024-08-02T16:09:07.419734",
        "symbol": "BTC/USDT",
        "type": "market",
        "side": "buy",
        "price": 40293.79964593268,
        "amount": 0.007333454106129872,
        "cost": 342.41169745927573
    },
    {
        "id": "test_order_1722608397",
        "datetime": "2024-08-02T17:19:57.736953",
        "symbol": "BTC/USDT",
        "type": "market",
        "side": "buy",
        "price": 32476.70567362108,
        "amount": 0.008671158760738349,
        "cost": 432.3300857279885
    },
    {
        "id": "test_order_1722608457",
        "datetime": "2024-08-02T17:20:57.836695",
        "symbol": "LTC/USDT",
        "type": "limit",
        "side": "sell",
        "price": 49600.36884924918,
        "amount": 0.005151344932350749,
        "cost": 154.00862304984787
    },
    {
        "id": "test_order_1722608517",
        "datetime": "2024-08-02T17:21:57.950483",
        "symbol": "LTC/USDT",
        "type": "market",
        "side": "sell",
        "price": 37400.627621571686,
        "amount": 0.004797284422519127,
        "cost": 447.8854269195394
    },
    {
        "id": "test_order_1722608578",
        "datetime": "2024-08-02T17:22:58.044684",
        "symbol": "BTC/USDT",
        "type": "limit",
        "side": "sell",
        "price": 46027.91515856641,
        "amount": 0.004512817418830988,
        "cost": 42.462141578622784
    },
    {
        "id": "test_order_1722608638",
        "datetime": "2024-08-02T17:23:58.138116",
        "symbol": "ETH/USDT",
        "type": "limit",
        "side": "buy",
        "price": 49931.52110782046,
        "amount": 0.006328029668086435,
        "cost": 260.1824843999916
    },
    {
        "id": "test_order_1722608698",
        "datetime": "2024-08-02T17:24:58.231012",
        "symbol": "LTC/USDT",
        "type": "limit",
        "side": "sell",
        "price": 41758.649392644445,
        "amount": 0.00885661765265484,
        "cost": 467.2075908194139
    },
    {
        "id": "test_order_1722608758",
        "datetime": "2024-08-02T17:25:58.330833",
        "symbol": "ETH/USDT",
        "type": "limit",
        "side": "sell",
        "price": 42398.39014952939,
        "amount": 0.005738049590599142,
        "cost": 154.4409602644094
    },
    {
        "id": "test_order_1722610374",
        "datetime": "2024-08-02T17:52:54.853242",
        "symbol": "LTC/USDT",
        "type": "limit",
        "side": "sell",
        "price": 41217.61677783127,
        "amount": 0.008346341064134039,
        "cost": 458.7837524357231
    },
    {
        "id": "test_order_1722610511",
        "datetime": "2024-08-02T17:55:11.227263",
        "symbol": "ETH/USDT",
        "type": "limit",
        "side": "sell",
        "price": 39223.898614644706,
        "amount": 0.005880556119085092,
        "cost": 170.56246686560928
    },
    {
        "id": "test_order_1722612158",
        "datetime": "2024-08-02T18:22:38.087193",
        "symbol": "LTC/USDT",
        "type": "market",
        "side": "buy",
        "price": 36200.00232821826,
        "amount": 0.009365771014595625,
        "cost": 117.57490991023707
    },
    {
        "id": "test_order_1722612556",
        "datetime": "2024-08-02T18:29:16.243801",
        "symbol": "LTC/USDT",
        "type": "limit",
        "side": "buy",
        "price": 31339.001699549266,
        "amount": 0.0030465104833481086,
        "cost": 368.19672218772246
    },
    {
        "id": "test_order_1722612660",
        "datetime": "2024-08-02T18:31:00.782902",
        "symbol": "BTC/USDT",
        "type": "market",
        "side": "sell",
        "price": 30791.08324356286,
        "amount": 0.0031912971340393157,
        "cost": 159.66834169822215
    },
    {
        "id": "test_order_1722612723",
        "datetime": "2024-08-02T18:32:03.954814",
        "symbol": "LTC/USDT",
        "type": "limit",
        "side": "sell",
        "price": 39000.68610391753,
        "amount": 0.00903172006379227,
        "cost": 43.567098989687445
    },
    {
        "id": "test_order_1722612785",
        "datetime": "2024-08-02T18:33:05.353149",
        "symbol": "LTC/USDT",
        "type": "limit",
        "side": "buy",
        "price": 39089.1696645012,
        "amount": 0.005861821784550417,
        "cost": 349.0951223759848
    },
    {
        "id": "test_order_1722613053",
        "datetime": "2024-08-02T18:37:33.951041",
        "symbol": "BTC/USDT",
        "type": "market",
        "side": "buy",
        "price": 35923.415975316355,
        "amount": 0.001981155539037023,
        "cost": 417.1572646791095
    },
    {
        "id": "test_order_1722613117",
        "datetime": "2024-08-02T18:38:37.653844",
        "symbol": "ETH/USDT",
        "type": "market",
        "side": "sell",
        "price": 30405.04169653102,
        "amount": 0.0035973271032077184,
        "cost": 225.59960407049283
    },
    {
        "id": "test_order_1722613271",
        "datetime": "2024-08-02T18:41:11.369402",
        "symbol": "LTC/USDT",
        "type": "market",
        "side": "sell",
        "price": 30615.273527690435,
        "amount": 0.00904005802524057,
        "cost": 460.07593854829537
    },
    {
        "id": "test_order_1722613354",
        "datetime": "2024-08-02T18:42:34.589488",
        "symbol": "BTC/USDT",
        "type": "limit",
        "side": "buy",
        "price": 33415.76490538747,
        "amount": 0.00491910020820589,
        "cost": 151.37868488995395
    },
    {
        "id": "test_order_1722613657",
        "datetime": "2024-08-02T18:47:37.441153",
        "symbol": "LTC/USDT",
        "type": "limit",
        "side": "sell",
        "price": 34890.07451232097,
        "amount": 0.0022978474996372504,
        "cost": 205.2642969799009
    },
    {
        "id": "test_order_1722613719",
        "datetime": "2024-08-02T18:48:39.007230",
        "symbol": "LTC/USDT",
        "type": "market",
        "side": "sell",
        "price": 46696.40429447383,
        "amount": 0.006959611582416184,
        "cost": 171.89974492141468
    },
    {
        "id": "test_order_1722613780",
        "datetime": "2024-08-02T18:49:40.253099",
        "symbol": "LTC/USDT",
        "type": "limit",
        "side": "buy",
        "price": 44034.336603930555,
        "amount": 0.003940657650967583,
        "cost": 435.45783691271254
    },
    {
        "id": "test_order_1722613855",
        "datetime": "2024-08-02T18:50:55.197354",
        "symbol": "BTC/USDT",
        "type": "limit",
        "side": "buy",
        "price": 37336.952805031826,
        "amount": 0.006777089917156229,
        "cost": 191.67774056763278
    },
    {
        "id": "test_order_1722613931",
        "datetime": "2024-08-02T18:52:11.480436",
        "symbol": "ETH/USDT",
        "type": "limit",
        "side": "buy",
        "price": 30369.872315366596,
        "amount": 0.007579261963107912,
        "cost": 94.52498277418131
    },
    {
        "id": "test_order_1722614282",
        "datetime": "2024-08-02T18:58:02.555895",
        "symbol": "BTC/USDT",
        "type": "market",
        "side": "buy",
        "price": 37029.88960282414,
        "amount": 0.006170307344807299,
        "cost": 127.52334351732114
    },
    {
        "id": "test_order_1722614403",
        "datetime": "2024-08-02T19:00:03.543801",
        "symbol": "ETH/USDT",
        "type": "market",
        "side": "buy",
        "price": 47517.32569782098,
        "amount": 0.007070229917855463,
        "cost": 355.7268585529759
    },
    {
        "id": "test_order_1722614492",
        "datetime": "2024-08-02T19:01:32.440394",
        "symbol": "BTC/USDT",
        "type": "limit",
        "side": "sell",
        "price": 32609.65975763886,
        "amount": 0.007900719675182346,
        "cost": 225.14278232734472
    },
    {
        "id": "test_order_1722614604",
        "datetime": "2024-08-02T19:03:24.232466",
        "symbol": "ETH/USDT",
        "type": "limit",
        "side": "buy",
        "price": 47961.35251171561,
        "amount": 0.0015693511046063245,
        "cost": 300.5186477411342
    },
    {
        "id": "test_order_1722614691",
        "datetime": "2024-08-02T19:04:51.020966",
        "symbol": "BTC/USDT",
        "type": "limit",
        "side": "sell",
        "price": 45995.99686238135,
        "amount": 0.0030307763483521117,
        "cost": 290.48632811810586
    },
    {
        "id": "test_order_1722614790",
        "datetime": "2024-08-02T19:06:30.868298",
        "symbol": "BTC/USDT",
        "type": "market",
        "side": "buy",
        "price": 32354.113712702325,
        "amount": 0.0030385108416308365,
        "cost": 192.89296119993924
    },
    {
        "id": "test_order_1722615721",
        "datetime": "2024-08-02T19:22:01.290794",
        "symbol": "ETH/USDT",
        "type": "limit",
        "side": "sell",
        "price": 40240.08321755573,
        "amount": 0.00938302492323835,
        "cost": 302.7348698157116
    },
    {
        "id": "test_order_1722617105",
        "datetime": "2024-08-02T19:45:05.965546",
        "symbol": "BTC/USDT",
        "type": "market",
        "side": "buy",
        "price": 42222.14981504071,
        "amount": 0.00843034823499839,
        "cost": 236.005102563563
    },
    {
        "id": "test_order_1722617189",
        "datetime": "2024-08-02T19:46:29.292519",
        "symbol": "BTC/USDT",
        "type": "limit",
        "side": "buy",
        "price": 30383.33132500575,
        "amount": 0.009481357886457126,
        "cost": 168.49841301899662
    },
    {
        "id": "test_order_1722617305",
        "datetime": "2024-08-02T19:48:25.608965",
        "symbol": "LTC/USDT",
        "type": "limit",
        "side": "sell",
        "price": 43454.751677299624,
        "amount": 0.009717889823277304,
        "cost": 470.79819802284305
    },
    {
        "id": "test_order_1722617405",
        "datetime": "2024-08-02T19:50:05.379035",
        "symbol": "BTC/USDT",
        "type": "market",
        "side": "sell",
        "price": 49754.857008683204,
        "amount": 0.009449013690744943,
        "cost": 57.48610794572594
    },
    {
        "id": "test_order_1722617539",
        "datetime": "2024-08-02T19:52:19.542395",
        "symbol": "ETH/USDT",
        "type": "market",
        "side": "buy",
        "price": 31878.331332478,
        "amount": 0.005575652349558475,
        "cost": 354.37422165625924
    },
    {
        "id": "test_order_1722617734",
        "datetime": "2024-08-02T19:55:34.998444",
        "symbol": "BTC/USDT",
        "type": "market",
        "side": "sell",
        "price": 40715.31390572551,
        "amount": 0.0014868275987601509,
        "cost": 312.6000618515354
    },
    {
        "id": "test_order_1722617962",
        "datetime": "2024-08-02T19:59:22.930419",
        "symbol": "ETH/USDT",
        "type": "limit",
        "side": "buy",
        "price": 45040.76649905306,
        "amount": 0.007587156710247624,
        "cost": 182.8480372829672
    },
    {
        "id": "test_order_1722618101",
        "datetime": "2024-08-02T20:01:41.990307",
        "symbol": "BTC/USDT",
        "type": "limit",
        "side": "buy",
        "price": 45437.10918038884,
        "amount": 0.006921352932017185,
        "cost": 183.07763359742563
    },
    {
        "id": "test_order_1722618204",
        "datetime": "2024-08-02T20:03:24.172660",
        "symbol": "BTC/USDT",
        "type": "market",
        "side": "buy",
        "price": 44757.10695765621,
        "amount": 0.007598384641667251,
        "cost": 52.18095527432321
    },
    {
        "id": "test_order_1722619950",
        "datetime": "2024-08-02T20:32:30.879373",
        "symbol": "ETH/USDT",
        "type": "limit",
        "side": "buy",
        "price": 46432.29924861356,
        "amount": 0.0014199554760704735,
        "cost": 139.71828082873236
    },
    {
        "id": "test_order_1722623973",
        "datetime": "2024-08-02T21:39:33.767216",
        "symbol": "ETH/USDT",
        "type": "limit",
        "side": "buy",
        "price": 33182.57616233217,
        "amount": 0.006244519728390264,
        "cost": 240.0768458646646
    },
    {
        "id": "test_order_1722625384",
        "datetime": "2024-08-02T22:03:04.518105",
        "symbol": "ETH/USDT",
        "type": "market",
        "side": "sell",
        "price": 46474.571980465924,
        "amount": 0.005213178414328926,
        "cost": 406.55822784420366
    },
    {
        "id": "test_order_1722625476",
        "datetime": "2024-08-02T22:04:36.779488",
        "symbol": "ETH/USDT",
        "type": "market",
        "side": "buy",
        "price": 35229.173194822506,
        "amount": 0.007493926644625637,
        "cost": 217.80804589645487
    },
    {
        "id": "test_order_1722625545",
        "datetime": "2024-08-02T22:05:45.362578",
        "symbol": "LTC/USDT",
        "type": "market",
        "side": "sell",
        "price": 40451.42381064783,
        "amount": 0.007141089798865839,
        "cost": 413.497680821031
    },
    {
        "id": "test_order_1722625617",
        "datetime": "2024-08-02T22:06:57.719198",
        "symbol": "BTC/USDT",
        "type": "market",
        "side": "buy",
        "price": 33716.42744455526,
        "amount": 0.00852247702846602,
        "cost": 456.0613997544292
    },
    {
        "id": "test_order_1722625691",
        "datetime": "2024-08-02T22:08:11.249503",
        "symbol": "ETH/USDT",
        "type": "limit",
        "side": "buy",
        "price": 37021.98708144013,
        "amount": 0.009991466623208826,
        "cost": 403.09652228017444
    },
    {
        "id": "test_order_1722625752",
        "datetime": "2024-08-02T22:09:12.959310",
        "symbol": "BTC/USDT",
        "type": "market",
        "side": "sell",
        "price": 36470.03230039754,
        "amount": 0.008867895181256222,
        "cost": 460.29530167291676
    },
    {
        "id": "test_order_1722625813",
        "datetime": "2024-08-02T22:10:13.880726",
        "symbol": "ETH/USDT",
        "type": "limit",
        "side": "sell",
        "price": 45106.97650833285,
        "amount": 0.007381994567010739,
        "cost": 482.5742796795677
    },
    {
        "id": "test_order_1722625876",
        "datetime": "2024-08-02T22:11:16.565068",
        "symbol": "BTC/USDT",
        "type": "limit",
        "side": "buy",
        "price": 32464.115167132713,
        "amount": 0.009864798556496295,
        "cost": 67.85544626314294
    },
    {
        "id": "test_order_1722625938",
        "datetime": "2024-08-02T22:12:18.827897",
        "symbol": "BTC/USDT",
        "type": "limit",
        "side": "sell",
        "price": 39448.1022888084,
        "amount": 0.00880655930789975,
        "cost": 207.49940529380794
    },
    {
        "id": "test_order_1722625999",
        "datetime": "2024-08-02T22:13:19.683487",
        "symbol": "ETH/USDT",
        "type": "market",
        "side": "buy",
        "price": 35347.24260581096,
        "amount": 0.0031093601765254364,
        "cost": 330.4018496712688
    },
    {
        "id": "test_order_1722626072",
        "datetime": "2024-08-02T22:14:32.490485",
        "symbol": "BTC/USDT",
        "type": "limit",
        "side": "sell",
        "price": 49665.68950067237,
        "amount": 0.007723477627600253,
        "cost": 243.59557610826326
    },
    {
        "id": "test_order_1722626394",
        "datetime": "2024-08-02T22:19:54.857055",
        "symbol": "BTC/USDT",
        "type": "market",
        "side": "sell",
        "price": 35852.56959150825,
        "amount": 0.00376554042082295,
        "cost": 231.817302637539
    },
    {
        "id": "test_order_1722626497",
        "datetime": "2024-08-02T22:21:37.740795",
        "symbol": "LTC/USDT",
        "type": "limit",
        "side": "sell",
        "price": 47162.50023499798,
        "amount": 0.007221255649127726,
        "cost": 44.14946211851222
    },
    {
        "id": "test_order_1722626614",
        "datetime": "2024-08-02T22:23:34.047348",
        "symbol": "LTC/USDT",
        "type": "market",
        "side": "sell",
        "price": 34504.804062324925,
        "amount": 0.0042791685972874745,
        "cost": 379.8755844915065
    },
    {
        "id": "test_order_1722626731",
        "datetime": "2024-08-02T22:25:31.271130",
        "symbol": "ETH/USDT",
        "type": "market",
        "side": "buy",
        "price": 41552.007118362526,
        "amount": 0.0026962291147161633,
        "cost": 190.1004380751194
    },
    {
        "id": "test_order_1722626918",
        "datetime": "2024-08-02T22:28:38.014027",
        "symbol": "ETH/USDT",
        "type": "limit",
        "side": "buy",
        "price": 32034.139214478793,
        "amount": 0.0023455260855026307,
        "cost": 420.82186350015115
    },
    {
        "id": "test_order_1722627000",
        "datetime": "2024-08-02T22:30:00.712336",
        "symbol": "BTC/USDT",
        "type": "market",
        "side": "buy",
        "price": 42505.08494091203,
        "amount": 0.008758110487924724,
        "cost": 181.49314261220485
    },
    {
        "id": "test_order_1722627093",
        "datetime": "2024-08-02T22:31:33.823381",
        "symbol": "ETH/USDT",
        "type": "limit",
        "side": "sell",
        "price": 35460.9975125057,
        "amount": 0.006985223702639412,
        "cost": 303.13746792948587
    },
    {
        "id": "test_order_1722627210",
        "datetime": "2024-08-02T22:33:30.043095",
        "symbol": "BTC/USDT",
        "type": "market",
        "side": "sell",
        "price": 48596.667229424536,
        "amount": 0.008508651119868647,
        "cost": 214.76351561925867
    },
    {
        "id": "test_order_1722627305",
        "datetime": "2024-08-02T22:35:05.994148",
        "symbol": "BTC/USDT",
        "type": "limit",
        "side": "sell",
        "price": 38458.12848042905,
        "amount": 0.0024749384173664134,
        "cost": 121.28657269376079
    },
    {
        "id": "test_order_1722627389",
        "datetime": "2024-08-02T22:36:29.492756",
        "symbol": "ETH/USDT",
        "type": "market",
        "side": "sell",
        "price": 32003.439514957754,
        "amount": 0.008938657559072135,
        "cost": 196.2278458770291
    },
    {
        "id": "test_order_1722627503",
        "datetime": "2024-08-02T22:38:23.614396",
        "symbol": "BTC/USDT",
        "type": "limit",
        "side": "sell",
        "price": 36278.31537463895,
        "amount": 0.0023068938900653387,
        "cost": 47.436049912754655
    },
    {
        "id": "test_order_1722627576",
        "datetime": "2024-08-02T22:39:36.869130",
        "symbol": "BTC/USDT",
        "type": "market",
        "side": "buy",
        "price": 42009.71372468339,
        "amount": 0.005491829823734638,
        "cost": 39.44919196624957
    },
    {
        "id": "test_order_1722627643",
        "datetime": "2024-08-02T22:40:43.059539",
        "symbol": "LTC/USDT",
        "type": "market",
        "side": "sell",
        "price": 42893.638125162914,
        "amount": 0.001540428419188005,
        "cost": 415.32497348444633
    },
    {
        "id": "test_order_1722627778",
        "datetime": "2024-08-02T22:42:58.142838",
        "symbol": "BTC/USDT",
        "type": "market",
        "side": "buy",
        "price": 44077.89000299118,
        "amount": 0.005031381779925851,
        "cost": 102.37016503742046
    },
    {
        "id": "test_order_1722627851",
        "datetime": "2024-08-02T22:44:11.690208",
        "symbol": "LTC/USDT",
        "type": "market",
        "side": "sell",
        "price": 35523.17895748772,
        "amount": 0.0015104075750920771,
        "cost": 482.77093072934906
    },
    {
        "id": "test_order_1722627985",
        "datetime": "2024-08-02T22:46:25.609549",
        "symbol": "LTC/USDT",
        "type": "market",
        "side": "sell",
        "price": 35020.507395311266,
        "amount": 0.006478437043272745,
        "cost": 130.322294222736
    },
    {
        "id": "test_order_1722628179",
        "datetime": "2024-08-02T22:49:39.613131",
        "symbol": "ETH/USDT",
        "type": "limit",
        "side": "sell",
        "price": 39023.09549602216,
        "amount": 0.005720608653114367,
        "cost": 113.64695904783541
    },
    {
        "id": "test_order_1722633680",
        "datetime": "2024-08-03T00:21:20.478870",
        "symbol": "ETH/USDT",
        "type": "market",
        "side": "buy",
        "price": 49976.47538715483,
        "amount": 0.005567580716575533,
        "cost": 401.0656411794332
    },
    {
        "id": "test_order_1722635662",
        "datetime": "2024-08-03T00:54:22.554083",
        "symbol": "ETH/USDT",
        "type": "limit",
        "side": "buy",
        "price": 35124.662337167945,
        "amount": 0.0049712666823880265,
        "cost": 370.5433061300528
    },
    {
        "id": "test_order_1722635748",
        "datetime": "2024-08-03T00:55:48.263180",
        "symbol": "LTC/USDT",
        "type": "limit",
        "side": "sell",
        "price": 35220.42711504716,
        "amount": 0.004166629002989823,
        "cost": 84.6050812576395
    },
    {
        "id": "test_order_1722635825",
        "datetime": "2024-08-03T00:57:05.185200",
        "symbol": "BTC/USDT",
        "type": "limit",
        "side": "sell",
        "price": 31784.24841753332,
        "amount": 0.002413003676430877,
        "cost": 294.30153106595895
    },
    {
        "id": "test_order_1722635886",
        "datetime": "2024-08-03T00:58:06.995604",
        "symbol": "BTC/USDT",
        "type": "limit",
        "side": "sell",
        "price": 30960.795209992128,
        "amount": 0.0038034521436563435,
        "cost": 341.8839828717508
    },
    {
        "id": "test_order_1722635964",
        "datetime": "2024-08-03T00:59:24.488201",
        "symbol": "LTC/USDT",
        "type": "market",
        "side": "sell",
        "price": 30861.277260479405,
        "amount": 0.004610756674475648,
        "cost": 131.03230736133682
    },
    {
        "id": "test_order_1722636145",
        "datetime": "2024-08-03T01:02:25.313604",
        "symbol": "ETH/USDT",
        "type": "market",
        "side": "buy",
        "price": 49235.51285075655,
        "amount": 0.0024289398768993315,
        "cost": 415.3465523177132
    },
    {
        "id": "test_order_1722636223",
        "datetime": "2024-08-03T01:03:43.986488",
        "symbol": "LTC/USDT",
        "type": "market",
        "side": "buy",
        "price": 33130.61839733517,
        "amount": 0.002370390043419558,
        "cost": 35.27899010857891
    },
    {
        "id": "test_order_1722636307",
        "datetime": "2024-08-03T01:05:07.766560",
        "symbol": "ETH/USDT",
        "type": "market",
        "side": "buy",
        "price": 48008.9303102298,
        "amount": 0.004088898002378355,
        "cost": 485.8629812551454
    },
    {
        "id": "test_order_1722636450",
        "datetime": "2024-08-03T01:07:30.135426",
        "symbol": "LTC/USDT",
        "type": "limit",
        "side": "buy",
        "price": 35462.21141414304,
        "amount": 0.0046572920467957,
        "cost": 418.73589375231586
    },
    {
        "id": "test_order_1722636687",
        "datetime": "2024-08-03T01:11:27.181802",
        "symbol": "BTC/USDT",
        "type": "limit",
        "side": "sell",
        "price": 49687.15049953335,
        "amount": 0.006042862591273019,
        "cost": 489.7219210179994
    },
    {
        "id": "test_order_1722636883",
        "datetime": "2024-08-03T01:14:43.495546",
        "symbol": "BTC/USDT",
        "type": "limit",
        "side": "buy",
        "price": 42546.0007388589,
        "amount": 0.008910794362980957,
        "cost": 132.91043373103489
    },
    {
        "id": "test_order_1722636964",
        "datetime": "2024-08-03T01:16:04.160777",
        "symbol": "ETH/USDT",
        "type": "market",
        "side": "sell",
        "price": 32479.43916409379,
        "amount": 0.007986890633654806,
        "cost": 171.00844831705487
    },
    {
        "id": "test_order_1722637058",
        "datetime": "2024-08-03T01:17:38.469635",
        "symbol": "BTC/USDT",
        "type": "market",
        "side": "sell",
        "price": 46276.9992669403,
        "amount": 0.002565864939878266,
        "cost": 263.63925782513996
    },
    {
        "id": "test_order_1722637118",
        "datetime": "2024-08-03T01:18:38.969672",
        "symbol": "ETH/USDT",
        "type": "limit",
        "side": "sell",
        "price": 41759.90972379149,
        "amount": 0.004080394190750607,
        "cost": 196.04551308507644
    },
    {
        "id": "test_order_1722637228",
        "datetime": "2024-08-03T01:20:28.537916",
        "symbol": "BTC/USDT",
        "type": "limit",
        "side": "sell",
        "price": 31267.500806297277,
        "amount": 0.003455856318511391,
        "cost": 463.33743416724116
    },
    {
        "id": "test_order_1722637333",
        "datetime": "2024-08-03T01:22:13.588178",
        "symbol": "ETH/USDT",
        "type": "limit",
        "side": "sell",
        "price": 37694.15461079257,
        "amount": 0.00506560899587958,
        "cost": 436.02120769146416
    },
    {
        "id": "test_order_1722637416",
        "datetime": "2024-08-03T01:23:36.009364",
        "symbol": "BTC/USDT",
        "type": "limit",
        "side": "sell",
        "price": 36548.621477795685,
        "amount": 0.0038974959535875596,
        "cost": 64.94769434206005
    },
    {
        "id": "test_order_1722637496",
        "datetime": "2024-08-03T01:24:56.483305",
        "symbol": "LTC/USDT",
        "type": "market",
        "side": "sell",
        "price": 33376.368106251204,
        "amount": 0.00581547559886913,
        "cost": 356.8278432492838
    },
    {
        "id": "test_order_1722637623",
        "datetime": "2024-08-03T01:27:03.561174",
        "symbol": "LTC/USDT",
        "type": "limit",
        "side": "sell",
        "price": 36864.29986143751,
        "amount": 0.0026416549066816224,
        "cost": 297.69877569009066
    },
    {
        "id": "test_order_1722637695",
        "datetime": "2024-08-03T01:28:15.055791",
        "symbol": "BTC/USDT",
        "type": "market",
        "side": "sell",
        "price": 31763.466458033017,
        "amount": 0.0039078128643181085,
        "cost": 196.0275574390746
    },
    {
        "id": "test_order_1722637758",
        "datetime": "2024-08-03T01:29:18.744945",
        "symbol": "BTC/USDT",
        "type": "market",
        "side": "sell",
        "price": 40938.94134025626,
        "amount": 0.00750983083973183,
        "cost": 303.47606485978184
    },
    {
        "id": "test_order_1722637913",
        "datetime": "2024-08-03T01:31:53.564784",
        "symbol": "ETH/USDT",
        "type": "limit",
        "side": "buy",
        "price": 41558.173754237316,
        "amount": 0.006971065812703396,
        "cost": 35.920030791897595
    },
    {
        "id": "test_order_1722638261",
        "datetime": "2024-08-03T01:37:41.885565",
        "symbol": "LTC/USDT",
        "type": "limit",
        "side": "buy",
        "price": 35403.697003705944,
        "amount": 0.002241391136780224,
        "cost": 444.2439949027058
    },
    {
        "id": "test_order_1722638325",
        "datetime": "2024-08-03T01:38:45.187140",
        "symbol": "ETH/USDT",
        "type": "limit",
        "side": "buy",
        "price": 42748.11122523665,
        "amount": 0.004483999258763655,
        "cost": 446.3213492057998
    },
    {
        "id": "test_order_1722638386",
        "datetime": "2024-08-03T01:39:46.791013",
        "symbol": "BTC/USDT",
        "type": "market",
        "side": "buy",
        "price": 32122.075791780866,
        "amount": 0.00429829605926838,
        "cost": 69.09540947010044
    },
    {
        "id": "test_order_1722638447",
        "datetime": "2024-08-03T01:40:47.910765",
        "symbol": "ETH/USDT",
        "type": "limit",
        "side": "buy",
        "price": 41643.69382626927,
        "amount": 0.003513172661497557,
        "cost": 54.01729922878897
    },
    {
